<record><leader>00000cas a22000007a 4500</leader><controlfield tag="001">15247215</controlfield><controlfield tag="008">870227d18861909paucr ne      0    0eng d</controlfield><datafield ind1=" " ind2=" " tag="010"><subfield code="a">sn 88079395 </subfield></datafield><datafield ind1=" " ind2=" " tag="040"><subfield code="a">NPH</subfield><subfield code="b">eng</subfield><subfield code="c">NPH</subfield><subfield code="d">OCLCQ</subfield></datafield><datafield ind1="0" ind2=" " tag="130"><subfield code="a">Weekly tribune-Republican (Meadville, Pa.)</subfield></datafield><datafield ind1="1" ind2="4" tag="245"><subfield code="a">The weekly tribune-Republican.</subfield></datafield><datafield ind1="3" ind2="0" tag="246"><subfield code="a">Tribune-Republican</subfield></datafield><datafield ind1="1" ind2="7" tag="246"><subfield code="a">Meadville weekly tribune-Republican</subfield></datafield><datafield ind1=" " ind2=" " tag="260"><subfield code="a">Meadville, Pa. :</subfield><subfield code="b">[s.n.],</subfield><subfield code="c">1886-1909.</subfield></datafield><datafield ind1=" " ind2=" " tag="300"><subfield code="a">v.</subfield></datafield><datafield ind1=" " ind2=" " tag="310"><subfield code="a">Semiweekly,</subfield><subfield code="b">Jan. 23, 1901-Apr. 16, 1909</subfield></datafield><datafield ind1=" " ind2=" " tag="321"><subfield code="a">Weekly,</subfield><subfield code="b">1886-Jan. 16, 1901</subfield></datafield><datafield ind1="0" ind2=" " tag="362"><subfield code="a">Jan. 27, 1886-Apr. 16, 1909.</subfield></datafield><datafield ind1=" " ind2=" " tag="500"><subfield code="a">Publisher: Tribune Pub. Co., &lt;1901&gt;.</subfield></datafield><datafield ind1=" " ind2=" " tag="500"><subfield code="a">The word "weekly" appears above logo, &lt;1887-&gt;.</subfield></datafield><datafield ind1=" " ind2=" " tag="515"><subfield code="a">Continues numbering of Meadville Republican and Meadville weekly tribune.</subfield></datafield><datafield ind1=" " ind2=" " tag="752"><subfield code="a">United States</subfield><subfield code="b">Pennsylvania</subfield><subfield code="c">Crawford</subfield><subfield code="d">Meadville.</subfield></datafield><datafield ind1="0" ind2=" " tag="775"><subfield code="t">Evening Republican (Meadville, Pa. : 1887)</subfield><subfield code="w">(DLC)sn 88079338</subfield></datafield><datafield ind1="0" ind2=" " tag="775"><subfield code="t">Daily tribune Republican</subfield><subfield code="w">(DLC)sn 85038407</subfield></datafield><datafield ind1="0" ind2="0" tag="780"><subfield code="t">Meadville weekly tribune and Republican</subfield><subfield code="w">(DLC)sn 88079394</subfield></datafield><datafield ind1="0" ind2="7" tag="785"><subfield code="t">Crawford journal (Meadville, Pa. : 1855)</subfield><subfield code="w">(DLC)sn 84026027</subfield></datafield><datafield ind1="0" ind2="7" tag="785"><subfield code="t">Weekly tribune-Republican and the Crawford journal</subfield><subfield code="w">(DLC)sn 88079396</subfield></datafield></record>